
@article{popek1974formal,
  title =	 {Formal requirements for virtualizable third
                  generation architectures},
  author =	 {Popek, Gerald J and Goldberg, Robert P},
  journal =	 CACM,
  volume =	 17,
  number =	 7,
  pages =	 {412--421},
  year =	 1974,
}


@inproceedings{huang2015unified,
  title =	 {Unified address translation for memory-mapped {SSDs}
                  with {FlashMap}},
  author =	 {Huang, Jian and Badam, Anirudh and Qureshi,
                  Moinuddin and Schwan, Karsten},
  booktitle =	 ISCA,
  pages =	 {580--591},
  year =	 {2015},
}

@inproceedings{caulfield10moneta,
  title =	 {Moneta: A high-performance storage array
                  architecture for next-generation, non-volatile
                  memories},
  author =	 {Caulfield, Adrian M and De, Arup and Coburn, Joel
                  and Mollow, Todor I and Gupta, Rajesh K and Swanson,
                  Steven},
  booktitle =	 MICRO,
  pages =	 {385--395},
  year =	 2010,
}

@inproceedings{caulfield12moneta-d,
  author =	 {Caulfield, Adrian M. and Mollov, Todor I. and
                  Eisner, Louis Alex and De, Arup and Coburn, Joel and
                  Swanson, Steven},
  title =	 {Providing Safe, User Space Access to Fast, Solid
                  State Disks},
  booktitle =	 ASPLOS,
  year =	 2012,
  pages =	 {387--400},
  XXurl =	 {http://doi.acm.org/10.1145/2150976.2151017},
  keywords =	 {I/O performance, file systems, non-volatile memory,
                  storage systems, virtualization},
} 

@inproceedings{suzuki2010multi,
  title =	 {Multi-root share of single-root {I/O} virtualization
                  ({SR-IOV}) compliant {PCI} {Express} device},
  author =	 {Suzuki, Jun and Hidaka, Yoichi and Higuchi, Junichi
                  and Baba, Teruyuki and Kami, Nobuharu and Yoshikawa,
                  Takashi},
  booktitle =	 HOTI,
  year =	 {2010},
}

@inproceedings{gordon12eli,
  author =	 {Gordon, Abel and Amit, Nadav and Har'El, Nadav and
                  Ben-Yehuda, Muli and Landau, Alex and Schuster,
                  Assaf and Tsafrir, Dan},
  title =	 {{ELI}: Bare-metal Performance for {I/O}
                  Virtualization},
  booktitle =	 ASPLOS,
  year =	 2012,
  keywords =	 {I/O performance, I/O virtualization, SR-IOV, device
                  assignment, interrupts},
}

@inproceedings{seshadri2014willow,
  title =	 {Willow: A user-programmable {SSD}},
  author =	 {Seshadri, Sudharsan and Gahagan, Mark and Bhaskaran,
                  Sundaram and Bunker, Trevor and De, Arup and Jin,
                  Yanqin and Liu, Yang and Swanson, Steven},
  booktitle =	 OSDI,
  pages =	 {67--80},
  year =	 2014
}

@inproceedings{ahn2015dcs,
  title =	 {{DCS}: a fast and scalable device-centric server
                  architecture},
  author =	 {Ahn, Jaehyung and Kwon, Dongup and Kim, Youngsok and
                  Ajdari, Mohammadamin and Lee, Jaewon and Kim,
                  Jangwoo},
  booktitle =	 MICRO,
  year =	 2015,
}

@inproceedings{le12nested,
  author =	 {Le, Duy and Huang, Hai and Wang, Haining},
  title =	 {Understanding Performance Implications of Nested
                  File Systems in a Virtualized Environment},
  booktitle =	 FAST,
  year =	 {2012},
}

@Misc{seagate16ssd,
  author =	 {Seagate},
  title =	 {Press Release: Seagate Demonstrates Fastest-Ever {SSD} Flash Drive},
  howpublished
                  ={www.seagate.com/em/en/about-seagate/news/seagate-demonstrates-fastest-ever-ssd-flash-drive-pr/},
  month =	 {Mar},
  year =	 2016
  }

@Misc{pcisigiov,
  author =	 {PCI-SIG},
  title =	 {{PCI I/O} Virtualization},
  howpublished
                  ={http://pcisig.com/specifications/iov/},

  }

@inproceedings{sugerman2001virtualizing,
  title =	 {Virtualizing I/O Devices on VMware Workstation's
                  Hosted Virtual Machine Monitor.},
  author =	 {Sugerman, Jeremy and Venkitachalam, Ganesh and Lim,
                  Beng-Hong},
  booktitle =	 ATC,
  pages =	 {1--14},
  year =	 2001
}


@inproceedings{barham2003xen,
  author =	 {Barham, Paul and Dragovic, Boris and Fraser, Keir
                  and Hand, Steven and Harris, Tim and Ho, Alex and
                  Neugebauer, Rolf and Pratt, Ian and Warfield,
                  Andrew},
  title =	 {Xen and the Art of Virtualization},
  booktitle =	 SOSP,
  year =	 2003,
  pages =	 {164--177},
  XXurl =	 {http://doi.acm.org/10.1145/945445.945462},
  keywords =	 {hypervisors, paravirtualization, virtual machine
                  monitors},
} 

@article{russell2008virtio,
  title =	 {virtio: towards a de-facto standard for virtual
                  {I/O} devices},
  author =	 {Russell, Rusty},
  journal =	 OSR,
  volume =	 42,
  number =	 5,
  pages =	 {95--103},
  year =	 2008,
}

@inproceedings{raj2007high,
  title =	 {High performance and scalable I/O virtualization via
                  self-virtualized devices},
  author =	 {Raj, Himanshu and Schwan, Karsten},
  booktitle =	 HPDC,
  pages =	 {179--188},
  year =	 2007,
}

@InProceedings{smolyar15sriovsec,
  author =	 {Igor Smolyar and Muli Ben-Yehuda and Dan Tsafrir},
  title =	 {Securing self-virtualizing {Ethernet} devices},
  booktitle =	 {USENIX Security Symp.},
  year =	 2015,
  month =	 {Aug},
  pages =	 {335--350},
}

@Misc{intel-ssd,
  author =	 {Intel},
  title =	 {Product Brief: Intel Solid State Drive Data Center
                  P3608 Series},
  year =	 2015
}

@Manual{intel,
  title =	 {Intel 64 and {IA-32} Architectures Software
                  Developer Manual},
  organization = {Intel},
  month =	 {Dec},
  year =	 2015
}

@Manual{armv8,
  title =	 {{ARMv8} Architecture Reference Manual},
  organization = {ARM},
  month =	 {Jan},
  year =	 2016
}

@Manual{nvme,
  title =	 {{NVM} Express Specification},
  organization = {NVM Express},
  month =	 {Oct},
  year =	 2015,
  note =	 {Revision 1.2a}
}

@article{yu14swoverheads,
  author =	 {Yu, Young Jin and Shin, Dong In and Shin, Woong and
                  Song, Nae Young and Choi, Jae Woo and Kim, Hyeong
                  Seog and Eom, Hyeonsang and Yeom, Heon Young},
  title =	 {Optimizing the Block {I/O} Subsystem for Fast
                  Storage Devices},
  journal =	 TOCS,
  volume =	 32,
  number =	 2,
  month =	 Jun,
  year =	 2014,
  pages =	 {1--48},
  XXurl =	 {http://doi.acm.org/10.1145/2619092},
  keywords =	 {I/O subsystem, device polling, extended interface,
                  request batching},
}

@article{comer79btree,
  author =	 {Comer, Douglas},
  title =	 {Ubiquitous {B-Tree}},
  journal =	 CSUR,
  volume =	 11,
  number =	 2,
  month =	 Jun,
  year =	 1979,
  pages =	 {121--137},
  XXurl =	 {http://doi.acm.org/10.1145/356770.356776},
} 

@InProceedings{mathur07ext4,
  author =	 {Avantika Mathur and Mingming Cao and Suparna
                  Bhattacharya and Andreas Dilger and Alex Tomas and
                  Laurent Vivier},
  title =	 {The new ext4 filesystem: current status and future
                  plans},
  booktitle =	 OLS,
  year =	 2007,
  month =	 {Jun}
}

@article{rodeh13btrfs,
  author =	 {Rodeh, Ohad and Bacik, Josef and Mason, Chris},
  title =	 {{BTRFS}: The Linux {B-Tree} Filesystem},
  journal =	 TOS,
  volume =	 9,
  number =	 3,
  month =	 Aug,
  year =	 2013,
  pages =	 {1--32},
  XXurl =	 {http://doi.acm.org/10.1145/2501620.2501623},
  keywords =	 {B-trees, RAID, concurrency, copy-on-write,
                  filesystem, shadowing, snapshots},
} 

@inproceedings{sweeney96xfs,
  author =	 {Sweeney, Adam and Doucette, Doug and Hu, Wei and
                  Anderson, Curtis and Nishimoto, Mike and Peck,
                  Geoff},
  title =	 {Scalability in the {XFS} File System},
  booktitle =	 ATC,
  year =	 1996,
  location =	 {San Diego, CA},
  XXurl =	 {http://dl.acm.org/citation.cfm?id=1268299.1268300},
} 

@Book{love10lkd,
  author =	 {Robert Love},
  title =	 {Linux Kernel Development},
  publisher =	 {Addison-Wesley Professional},
  year =	 2010,
  edition =	 {3rd},
  month =	 {Jul}
}

@Misc{kopytov2004sysbench,
  author =	 {Kopytov, Alexey},
  title =	 {{SysBench}: a system performance benchmark},
  howpublished = {http://sysbench.sourceforge.net},
  year =	 2004
}

@TechReport{katcher1997postmark,
  author =	 {Katcher, Jeffrey},
  title =	 {Postmark: A new file system benchmark},
  institution =	 {Network Appliance},
  year =	 1997,
  number =	 {TR3022}
}

@Misc{mysql,
  title =	 {{MySQL}},
  howpublished = {https://www.mysql.com}
}


@Misc{coreutils,
  title =	 {GNU Coreutils},
  howpublished =
                  {http://www.gnu.org/software/coreutils/coreutils.html},
}

@Book{levy1984capability,
  author =       {Henry M. Levy},
  title =        {Capability-Based Computer Systems},
  publisher =    {Digital Press},
  year =         1984,
  XXurl =          {http://www.cs.washington.edu/homes/levy/capabook/},
  annote =       {survey of capablity systems}
}

@inproceedings{kang2014multilanes,
  title =	 {MultiLanes: providing virtualized storage for
                  OS-level virtualization on many cores},
  author =	 {Kang, Junbin and Zhang, Benlong and Wo, Tianyu and
                  Hu, Chunming and Huai, Jinpeng},
  booktitle =	 FAST,
  pages =	 {317--329},
  year =	 2014
}

@article{peter2016arrakis,
  title =	 {Arrakis: The operating system is the control plane},
  author =	 {Peter, Simon and Li, Jialin and Zhang, Irene and
                  Ports, Dan RK and Woos, Doug and Krishnamurthy,
                  Arvind and Anderson, Thomas and Roscoe, Timothy},
  journal =	 TOCS,
  volume =	 33,
  number =	 4,
  pages =	 11,
  year =	 2016,
  publisher =	 {ACM}
}